% This file was created with JabRef 2.7b.
% Encoding: UTF-8

@STRING{IEEE_CM = {IEEE Communications Magazine}}

@STRING{IEEE_GLOBECOM = {IEEE Global Communications Conference }}

@STRING{IEEE_PIRMC = {IEEE Personal, Indoor and Mobile Radio Communications}}

@STRING{IEEE_TSP = {IEEE Transactions on Signal Processing}}

@STRING{IEEE_WCNC = {IEEE Wireless Communications and Networking Conference}}

@STRING{ISWCS = {International Symposium on Wireless Communication Systems}}

@STRING{ITU = {International Telecommunication Union}}


@book{restfulws,
    author    = "Leonard Richardson & Sam Ruby",
    title     = "RESTful Web Services",
    year      = "2007",
    publisher = "O'Reilly",
    address   = ""
}


@MISC{cloudstack,
  author =       {Rackspace},
  title =        {Understanding Cloud Computing Stack: Saas, PaaS, IaaS},
  howpublished = {Disponível via Internet, <\url{http://broadcast.rackspace.com/hosting_knowledge/whitepapers/Understanding-the-Cloud-Computing-Stack.pdf}>. Acessado em Janeiro de 2013.},
  year =         {}, 
  month =        {},
  note =         {},
  abstract =     {},
  keywords =     {},
  source =       {}
}

@MISC{guardianstartup,
  author =       {Jack Schofield},
  title =        {Google angles for business users with 'platform as a service'},
  howpublished = {Disponível via Internet, <\url{http://www.guardian.co.uk/technology/2008/apr/17/google.software}>. Acessado em Janeiro de 2013.},
  year =         {},
  month =        {},
  note =         {},
  abstract =     {},
  keywords =     {},
  source =       {}
}

@MISC{faceheroku,
  author =       {Cat Lee},
  title =        {Facebook and Heroku: an even easier way to get started},
  howpublished = {Disponível via Internet, <\url{https://developers.facebook.com/blog/post/558}>. Acessado em Janeiro de 2013.},
  year =         {},
  month =        {},
  note =         {},
  abstract =     {},
  keywords =     {},
  source =       {}
}

%article
@MISC{comparexmljson,
  author =       {Nurzhan Nurseitov},
  title =        {Comparison of JSON and XML Data Interchange Formats: A Case Study },
  howpublished = {Disponível via Internet, <\url{http://www.cs.montana.edu/izurieta/pubs/caine2009.pdf}>. Acessado em Janeiro de 2013.},
  year =         {},
  month =        {},
  note =         {},
  abstract =     {},
  keywords =     {},
  source =       {}
}
@MISC{w3json,
  author =       {W3 Resource},
  title =        {Structures of JSON},
  howpublished = {Disponível via Internet, <\url{http://www.w3resource.com/JSON/structures.php}>. Acessado em Janeiro de 2013.},
  year =         {},
  month =        {},
  note =         {},
  abstract =     {},
  keywords =     {},
  source =       {}
}
@MISC{caelum,
  author =       {Caelum},
  title =        {Desenv. Ágil para Web com Ruby on Rails},
  howpublished = {Disponível via Internet, <\url{http://www.caelum.com.br/apostila-ruby-on-rails/}>. Acessado em Janeiro de 2013.},
  year =         {},
  month =        {},
  note =         {},
  abstract =     {},
  keywords =     {},
  source =       {}
}
@book{rails3,
    author    = "Simon St. Laurent",
    title     = "Learning rails 3",
    year      = "2012",
    publisher = "O'Reilly",
    address   = ""
}

@MISC{rails4,
  author =       {Santiago Pastorino},
  title =        {Rails 4 in 30'},
  howpublished = {Disponível via Internet, <\url{http://blog.wyeworks.com/2012/10/29/rails-4-in-30-minutes/}>. Acessado em Janeiro de 2013.},
  year =         {},
  month =        {},
  note =         {},
  abstract =     {},
  keywords =     {},
  source =       {}
}

@MISC{mvc,
  author =       {Yii Framework},
  title =        {Best MVC Practices},
  howpublished = {Disponível via Internet, <\url{http://www.yiiframework.com/doc/guide/1.1/en/basics.best-practices}>. Acessado em Janeiro de 2013.},
  year =         {},
  month =        {},
  note =         {},
  abstract =     {},
  keywords =     {},
  source =       {}
}

@MISC{yahoosmart,
  author =       {Five Star Equities},
  title =        {Number of Smartphones Around the World Top 1 Billion -- Projected to Double by 2015},
  howpublished = {Disponível via Internet, <\url{http://finance.yahoo.com/news/number-smartphones-around-world-top-122000896.html}>. Acessado em Janeiro de 2013.},
  year =         {},
  month =        {},
  note =         {},
  abstract =     {},
  keywords =     {},
  source =       {}
}

@MISC{neowin,
  author =       {John Callaham},
  title =        {Gartner: Microsoft increases mobile OS market share in Q3 2012},
  howpublished = {Disponível via Internet, <\url{http://www.neowin.net/news/gartner-microsoft-increases-mobile-os-market-share-in-q3-2012}>. Acessado em Janeiro de 2013.},
  year =         {},
  month =        {},
  note =         {},
  abstract =     {},
  keywords =     {},
  source =       {}
}
@book{usecabecaiphone,
    author    = "Dan Pilone",
    title     = "Use a cabeça - Desenvolvimento para iPhone",
    year      = "2007",
    publisher = "",
    address   = ""
}
@book{lecheta,
    author    = "Ricardo Lecheta",
    title     = "Google Android",
    year      = "2011",
    publisher = "Novatec",
    address   = ""
}
@MISC{railsinstaller,
  author =       {Rails Installer},
  title =        {Rails Installer},
  howpublished = {Disponível via Internet, <\url{http://www.railsinstaller.org}>. Acessado em Janeiro de 2013.},
  year =         {},
  month =        {},
  note =         {},
  abstract =     {},
  keywords =     {},
  source =       {}
}
@MISC{ufmsbd,
  author =       {Edson Norberto Cáceres},
  title =        {Banco de dados: Conceitos básicos},
  howpublished = {Disponível via Internet, <\url{http://www.dct.ufms.br/~edson/bd1/bd1.pdf}>. Acessado em Janeiro de 2013.},
  year =         {},
  month =        {},
  note =         {},
  abstract =     {},
  keywords =     {},
  source =       {}
}
@MISC{bootstrap,
  author =       {Twitter},
  title =        {Bootstrap},
  howpublished = {Disponível via Internet, <\url{http://twitter.github.com/bootstrap/}>. Acessado em Janeiro de 2013.},
  year =         {},
  month =        {},
  note =         {},
  abstract =     {},
  keywords =     {},
  source =       {}
}
@MISC{githubpop,
  author =       {GitHub},
  title =        {Popular Starred Repositories},
  howpublished = {Disponível via Internet, <\url{https://github.com/popular/starred}>. Acessado em Janeiro de 2013.},
  year =         {},
  month =        {},
  note =         {},
  abstract =     {},
  keywords =     {},
  source =       {}
}
@MISC{quickheroku,
  author =       {Heroku},
  title =        {Getting Started with Heroku},
  howpublished = {Disponível via Internet, <\url{https://devcenter.heroku.com/articles/quickstart}>. Acessado em Janeiro de 2013.},
  year =         {},
  month =        {},
  note =         {},
  abstract =     {},
  keywords =     {},
  source =       {}
}
@MISC{fucapi,
  author =       {Eduardo Nakamura},
  title =        {Computação móvel: novas oportunidades e novos desafios},
  howpublished = {Disponível via Internet, <\url{https://portal.fucapi.br/tec/imagens/revistas/ed02_04.pdf}>. Acessado em Janeiro de 2013.},
  year =         {},
  month =        {},
  note =         {},
  abstract =     {},
  keywords =     {},
  source =       {}
}
@MISC{xcode,
  author =       {Apple},
  title =        {Xcode via iTunes },
  howpublished = {Disponível via Internet, <\url{https://itunes.apple.com/us/app/xcode/id497799835}>. Acessado em Janeiro de 2013.},
  year =         {},
  month =        {},
  note =         {},
  abstract =     {},
  keywords =     {},
  source =       {}
}
@MISC{adt,
  author =       {Google},
  title =        {ADT plugin para Eclipse},
  howpublished = {Disponível via Internet, <\url{http://developer.android.com/tools/sdk/eclipse-adt.html}>. Acessado em Janeiro de 2013.},
  year =         {},
  month =        {},
  note =         {},
  abstract =     {},
  keywords =     {},
  source =       {}
}

@MISC{json,
  author =       {JSON},
  title =        {JSON Reference},
  howpublished = {Disponível via Internet, <\url{http://www.json.org}>. Acessado em Janeiro de 2013.},
  year =         {2013},
  month =        {},
  note =         {},
  abstract =     {},
  keywords =     {},
  source =       {}
}
@MISC{SQLite,
  author =       {SQLite},
  title =        {Sobre o SQLite},
  howpublished = {Disponível via Internet, <\url{http://www.sqlite.org/about.html}>. Acessado em Janeiro de 2013.},
  year =         {},
  month =        {},
  note =         {},
  abstract =     {},
  keywords =     {},
  source =       {}
}
@MISC{rfc4627,
  author =       {IETF},
  title =        {The application/json Media Type for JavaScript Object Notation (JSON)},
  howpublished = {Disponível via Internet, <\url{http://www.ietf.org/rfc/rfc4627.txt}>. Acessado em Janeiro de 2013.},
  year =         {},
  month =        {},
  note =         {},
  abstract =     {},
  keywords =     {},
  source =       {}
}
@MISC{rfc2616,
  author =       {IETF},
  title =        {Hypertext Transfer Protocol -- HTTP/1.1},
  howpublished = {Disponível via Internet, <\url{http://tools.ietf.org/html/rfc2616}>. Acessado em Janeiro de 2013.},
  year =         {},
  month =        {},
  note =         {},
  abstract =     {},
  keywords =     {},
  source =       {}
}
@book{fowler,
    author    = "Martin Fowler",
    title     = "Patterns of enterprise application architecture",
    year      = "2003",
    publisher = "Addison-Wesley",
    address   = ""
}
@MISC{fielding,
  author =       {Roy Fielding},
  title =        {Architectural Styles and the Design of Network based Software Architectures},
  howpublished = {Disponível via Internet, <\url{http://www.cs.colorado.edu/~kena/classes/7818/f08/lectures/lecture_9_fielding_disserta.pdf}>. Acessado em Janeiro de 2013.},
  year =         {},
  month =        {},
  note =         {},
  abstract =     {},
  keywords =     {},
  source =       {}
}
@MISC{rubyhistory,
  author =       {Ruby Language},
  title =        {About},
  howpublished = {Disponível via Internet, <\url{http://www.ruby-lang.org/en/about/}>. Acessado em Janeiro de 2013.},
  year =         {},
  month =        {},
  note =         {},
  abstract =     {},
  keywords =     {},
  source =       {}
}
@MISC{codigosrails,
  author =       {Tiago Bencardino},
  title =        {iQuizzer - Ruby on Rails},
  howpublished = {Disponível via Internet, <\url{https://github.com/tsainte/iQuizzer_rails}>. Acessado em Janeiro de 2013.},
  year =         {},
  month =        {},
  note =         {},
  abstract =     {},
  keywords =     {},
  source =       {}
}
@MISC{codigosandroid,
  author =       {Tiago Bencardino},
  title =        {iQuizzer - Android},
  howpublished = {Disponível via Internet, <\url{https://github.com/tsainte/iQuizzer_android}>. Acessado em Janeiro de 2013.},
  year =         {},
  month =        {},
  note =         {},
  abstract =     {},
  keywords =     {},
  source =       {}
}
@MISC{codigosios,
  author =       {Tiago Bencardino},
  title =        {iQuizzer - iOS},
  howpublished = {Disponível via Internet, <\url{https://github.com/tsainte/iQuizzer_iOS}>. Acessado em Janeiro de 2013.},
  year =         {},
  month =        {},
  note =         {},
  abstract =     {},
  keywords =     {},
  source =       {}
}
http://www.ruby-lang.org/en/about/
www.railsinstaller.org

%fowler FOWLER, Martin. 

[language=Java]

@comment{jabref-meta: selector_review:}

@comment{jabref-meta: selector_publisher:}

@comment{jabref-meta: selector_author:}

@comment{jabref-meta: selector_journal:}

@comment{jabref-meta: selector_keywords:}

@comment{jabref-meta: groupsversion:3;}

@comment{jabref-meta: groupstree:
0 AllEntriesGroup:;
1 KeywordGroup:Subcarrier Matching\;0\;keywords\;subcarrier matching\;
1\;0\;;
1 KeywordGroup:Information Theory\;0\;keywords\;information theory\;1\
;0\;;
1 KeywordGroup:Optimization\;0\;keywords\;optimization\;0\;0\;;
1 KeywordGroup:Cooperative Communications\;0\;keywords\;cooperative\;0
\;0\;;
1 KeywordGroup:Wireless Communications\;0\;keywords\;wireless communic
ations\;0\;0\;;
1 KeywordGroup:Communications Systems\;0\;keywords\;communications sys
tems\;0\;0\;;
1 KeywordGroup:Computer Networking\;0\;keywords\;computer networking\;
0\;0\;;
1 KeywordGroup:D2D\;0\;keywords\;d2d\;1\;0\;;
}

