@booklet{dic:aur,    
    title= "{Dicionário Aurélio da Língua Portuguesa}",
    howpublished = {Editora Positivo},
    year = {2010},
}

@MISC{site:lobo,
  author = {Luiz Lobo},
  title = "{Introdução à Comunicação}",
  year = {2007},
  howpublished ={\url{http://luizlobo.wordpress.com}},
}

@book{book:maxwell,
  title="{A Treatise on Electricity and Magnetism}",
  author={Maxwell, J. C.},
  year={1873},
  publisher={Oxford:Clarendon Press}
}

@MISC{tcc:landell,
  author = {Ariane Fonseca},
  title = "{Roberto Landell de Moura, O Pai Brasileiro do Rádio}",
  year = {2009},
}

@book{book:haykin_wireless,
  title="{Sistemas Modernos De Comunicações Wireless}",
  author={Simon Haykin e Michael Moher},
  year={2007},
  publisher={Bookman}
}

@book{book:haykin_intro,
  title="{Introdução aos Sistemas de Comunicação}",
  author={Simon Haykin e Michael Moher},
  year={2008},
  publisher={Bookman}
}

@MISC{site:fabio,
  author = {Fábio Jordão},
  title = "{História: a evolução do celular}",
  year = {2009},
  howpublished ={\url{http://www.tecmundo.com.br}},
}

@ARTICLE{paper:nyquist,
author={Nyquist, H.},
journal={American Institute of Electrical Engineers, Transactions of the},
title={Certain Topics in Telegraph Transmission Theory},
year={1928},
volume={47},
pages={617 -644},
}

@ARTICLE{paper:shannon,
    author = {Claude Shannon e Noshirwan Petigara e Satwiksai Seshasai},
    title = {A Mathematical Theory of},
    journal = {Communication, Bell System Technical Journal},
    year = {1948},
    volume = {27},
    pages = {379--423}
}

@MISC{tcc:wlan,
  author = {Bento P. Da S. Filho e Flavio R. D. Dos Santos e Flavio V. Bueno},
  title = "{Wireless LAN: Funcionalidades e Instalação}",
  year = {2008},
}

@book{book:tanenbaum,
  title="{Redes de computadores}",
  author={TANENBAUM, A.S.},
  year={2003},
  publisher={CAMPUS},
}

@MISC{site:about,
  author = {Bradley Mitchell},
  title = "{Wireless Standards - The 802.11 family explained}",
  howpublished ={\url{http://compnetworking.about.com/}},
}

@MISC{site:douglas,
  author = {Douglas Ciriaco},
  title = "{O que é Bluetooth}",
  howpublished ={\url{http://www.tecmundo.com.br}},
}

@MISC{site:howstf,
  author = {Julia Layton e Curt Franklin},
  title = "{Como funciona o bluetooth}",
  howpublished ={\url{http://www.hsw.uol.com.br/}},
}

@MISC{site:howstf_wimax,
  author = {Marshall Brain e Ed Grabianowski},
  title = "{How WiMAX Works}",
  howpublished ={\url{http://www.howstuffworks.com}},
}

@MISC{site:wimax_forum,
  author = {WiMAX Forum},
  title = "{WiMAX and the IEEE 802.16m Air Interface Standard}",
  year = {2010},
  howpublished ={\url{http://www.wimaxforum.org/}},
}

@MISC{site:howstf_phones,
  author = {Marshall Brain, Jeff Tyson e Julia Layton},
  title = "{How Cell Phones Work}",
  howpublished ={\url{http://www.howstuffworks.com}},
}

@MISC{site:nokia_gsm,
  author = {Ian Delaney},
  title = "{Happy Birthday GSM}",
  year = {2011},
  howpublished ={\url{http://conversations.nokia.com/}},
}

@MISC{site:eric_edge,
  publisher = {Ericsson},
  title = "{The evolution of EDGE}",
  year = {2009},
  howpublished ={\url{http://www.ericsson.com/}},
}

@MISC{site:teleco_3g,
  title = "{3G no Brasil}",
  year = {2012},
  howpublished ={\url{http://www.teleco.com.br/3g_brasil.asp}},
}

@MISC{site:3g,
  title = "{What is 3G}",
  howpublished ={\url{http://www.3g.co.uk/what-is-3g/}},
}

@MISC{site:about_3g,
  author = {Nadeem Unuth},
  title = "{3G Technology - What Is 3G?}",
  howpublished ={\url{http://voip.about.com/od/mobilevoip}},
}

@INPROCEEDINGS{paper:agilent, 
author={Moray Rumney},
title="{IMT-Advanced: 4G Wireless Takes Shape in an Olympic Year}", 
year={2008}, 
month={sept.}, 
}

@INPROCEEDINGS{paper:4g, 
author={Akan, A. and Edemen, C.}, 
booktitle={Personal, Indoor and Mobile Radio Communications Workshops (PIMRC Workshops), 2010 IEEE 21st International Symposium on}, 
title="{Path to 4G Wireless Networks}", 
year={2010}, 
month={sept.}, 
volume={}, 
number={}, 
pages={405 -407}, 
keywords={4G wireless networks;802.16m;LTE;WiMAX 2;fourth generation;mobile communication;new generation mobile technology;telecommunications industry;4G mobile communication;Long Term Evolution;WiMax;}, 
doi={10.1109/PIMRCW.2010.5670404}, 
ISSN={},}

@MISC{site:olhar_4g,
  publisher = {Olhar Digital},
  title = "{4G será instalado no Brasil mesmo sem amadurecimento do 3G}",
  year = {2012},
  howpublished = {\url{http://olhardigital.uol.com.br/home.php}},
}

@book{book:kurose,
  author = {Kurose, James F. and Ross, Keith W.},
  edition = 4,
  publisher = {Addison Wesley},
  title = "{Computer Networking: A Top-Down Approach}",
  year = 2007,
}

@book{book:papoulis,
  title="{Probability, Random Variables, and Stochastic Processes}",
  author={Papoulis, A.},
  series={McGraw-Hill series in electrical engineering},
  year={1984},
  publisher={McGraw-Hill}
}

@book{book:goldsmith,
  title="{Wireless communications}",
  author={Goldsmith, A.},
  isbn={9780521837163},
  year={2005},
  publisher={Cambridge University Press}
}

@book{book:rappaport,
  title="{Wireless communications: Principles and Practice}",
  author={Rappaport, T.S.},
  isbn={9780133755367},
  year={1996},
  publisher={Prentice Hall PTR}
}

@book{book:cover,
 author = {Cover, Thomas M. and Thomas, Joy A.},
 title = {Elements of Information Theory (Wiley Series in Telecommunications and Signal Processing)},
 year = {2006},
 isbn = {0471241954},
 publisher = {Wiley-Interscience},
} 

@book{book:nee,
 author = {Nee, Richard van and Prasad, Ramjee},
 title = {OFDM for Wireless Multimedia Communications},
 year = {2000},
 isbn = {0890065306},
 edition = {1st},
 publisher = {Artech House, Inc.},
 address = {Norwood, MA, USA},
} 

@ARTICLE{paper:nosratinia,
author={Nosratinia, A. and Hunter, T.E. and Hedayat, A.},
journal={Communications Magazine, IEEE}, title={Cooperative communication in wireless networks},
year={2004},
month={oct.},
volume={42},
number={10},
pages={ 74 - 80},
doi={10.1109/MCOM.2004.1341264},
ISSN={0163-6804},
}

@book{book:liu,
  title={Cooperative Communications And Networking},
  author={Liu, K.J.R.},
  isbn={9780521895132},
  lccn={2008042422},
  year={2009},
  publisher={Cambridge University Press}
}

@book{book:bazaraa_non,
  title={Nonlinear programming: theory and algorithms},
  author={Bazaraa, M.S. and Shetty, C.M.},
  isbn={9780471786108},
  lccn={78000986},
  year={1979},
  publisher={Wiley-Interscience}
}

@book{book:boyd,
 author = {Boyd, Stephen and Vandenberghe, Lieven},
 title = {Convex Optimization},
 year = {2004},
 isbn = {0521833787},
 publisher = {Cambridge University Press},
 address = {New York, NY, USA},
} 

@article{paper:wang2008,
 author = {Wang, Wenyi and Yan, Shefeng and Yang, Shuyuan},
 title = {Optimally joint subcarrier matching and power allocation in {OFDM} multihop system},
 journal = {EURASIP Journal on Advances in Signal Processing},
 month = {Jan.},
 volume ={2008},
 year = {2008},
 issn = {1110-8657},
 pages = {1-8},
 articleno = {146},
 numpages = {8},
 publisher = {Hindawi Publishing Corp.},
 address = {New York, NY, United States},
}

@INPROCEEDINGS{paper:wang2009,
author={Wenyi Wang and Renbiao Wu},
booktitle={Proc. International Conference on Communications and Networking in China},
title={Capacity maximization for {OFDM} two-hop relay system with separate power constraints},
year={2009},
month={Aug.},
volume={},
number={},
pages={1-5},
keywords={OFDM;capacity maximization;decode-and-forward relay;joint subcarrier matching;mixed binary integer programming problem;optimization problem;orthogonal frequency division multiplexing;power allocation;power constraints;two-hop relay system;OFDM modulation;channel capacity;fading channels;optimisation;radio repeaters;resource allocation;},
doi={10.1109/CHINACOM.2009.5339924},
ISSN={}
}

@ARTICLE{paper:hajiaghayi,
author={Hajiaghayi, M. and Min Dong and Ben Liang},
journal={IEEE Transactions on Signal Processing},
title={Jointly Optimal Channel Pairing and Power Allocation for Multichannel Multihop Relaying},
year={2011},
month={Oct.},
volume={59},
number={10},
pages={4998-5012},
keywords={AF relaying;DF relaying;SNR;amplify-and-forward relaying;computational complexity;decode- and-forward relaying;joint optimization;multichannel multihop relaying relaying;next-generation wireless systems;optimal channel pairing;power allocation;sorted-SNR channel pairing strategy;amplify and forward communication;communication complexity;decode and forward communication;next generation networks;optimisation;telecommunication channels;wireless channels;},
doi={10.1109/TSP.2011.2161475},
ISSN={1053-587X},
}

@book{book:proakis,
  title={Digital Communications},
  author={Proakis, J.G.},
  isbn={9780070517264},
  lccn={94041620},
  series={Communications and signal processing},
  year={1995},
  publisher={McGraw-Hill}
}

@book{restfulws,
    author    = "Leonard Richardson & Sam Ruby",
    title     = "RESTful Web Services",
    year      = "2007",
    publisher = "O'Reilly",
    address   = ""
}


@MISC{cloudstack,
  author =       {Rackspace},
  title =        {Understanding cloud computing},
  howpublished = {Disponível via Internet, <\url{http://broadcast.rackspace.com/hosting_knowledge/whitepapers/Understanding-the-Cloud-Computing-Stack.pdf}>. Acessado em Janeiro de 2013.},
  year =         {2013},
  month =        {},
  note =         {},
  abstract =     {},
  keywords =     {},
  source =       {}
}

@MISC{guardianstartup
  author =       {The Guardian},
  title =        {Understanding cloud computing},
  howpublished = {Disponível via Internet, <\url{http://www.guardian.co.uk/technology/2008/apr/17/google.software}>. Acessado em Janeiro de 2013.},
  year =         {2013},
  month =        {},
  note =         {},
  abstract =     {},
  keywords =     {},
  source =       {}
}
@MISC{fielding
  author =       {Roy Fielding},
  title =        {Architectural Styles and the Design of Network based Software Architectures},
  howpublished = {Disponível via Internet, <\url{http://www.cs.colorado.edu/~kena/classes/7818/f08/lectures/lecture_9_fielding_disserta.pdf}>. Acessado em Janeiro de 2013.},
  year =         {2013},
  month =        {},
  note =         {},
  abstract =     {},
  keywords =     {},
  source =       {}
}
