@book{restfulws,
    author    = "Leonard Richardson & Sam Ruby",
    title     = "RESTful Web Services",
    year      = "2007",
    publisher = "O'Reilly",
    address   = ""
}


@MISC{cloudstack,
  author =       {Rackspace},
  title =        {Understanding cloud computing},
  howpublished = {Disponível via Internet, <\url{http://broadcast.rackspace.com/hosting_knowledge/whitepapers/Understanding-the-Cloud-Computing-Stack.pdf}>. Acessado em Janeiro de 2013.},
  year =         {2013},
  month =        {},
  note =         {},
  abstract =     {},
  keywords =     {},
  source =       {}
}

@MISC{guardianstartup
  author =       {The Guardian},
  title =        {Understanding cloud computing},
  howpublished = {Disponível via Internet, <\url{http://www.guardian.co.uk/technology/2008/apr/17/google.software}>. Acessado em Janeiro de 2013.},
  year =         {2013},
  month =        {},
  note =         {},
  abstract =     {},
  keywords =     {},
  source =       {}
}
