@book{restfulws,
    author    = "Leonard Richardson & Sam Ruby",
    title     = "RESTful Web Services",
    year      = "2007",
    publisher = "O'Reilly",
    address   = ""
}


@MISC{cloudstack,
  author =       {Rackspace},
  title =        {Understanding cloud computing},
  howpublished = {Disponível via Internet, <\url{http://broadcast.rackspace.com/hosting_knowledge/whitepapers/Understanding-the-Cloud-Computing-Stack.pdf}>. Acessado em Janeiro de 2013.},
  year =         {2013},
  month =        {},
  note =         {},
  abstract =     {},
  keywords =     {},
  source =       {},
}

@MISC{guardianstartup,
  author =       {The Guardian},
  title =        {Understanding cloud computing},
  howpublished = {Disponível via Internet, <\url{http://www.guardian.co.uk/technology/2008/apr/17/google.software}>. Acessado em Janeiro de 2013.},
  year =         {2013},
  month =        {},
  note =         {},
  abstract =     {},
  keywords =     {},
  source =       {},
}
% faceheroku \url{https://developers.facebook.com/blog/post/558}
% comparexmljson ``Comparison of JSON and XML Data Interchange Formats: A Case Study ''
% w3json \url{http://www.w3resource.com/JSON/structures.php}
%caelum apostila da caelum
%rails3 Learning rails 3, da editora Oreilley
%rails4 \url{http://blog.wyeworks.com/2012/10/29/rails-4-in-30-minutes/}
%fowler FOWLER, Martin. Patterns of enterprise application architecture
%mvc  \url{http://www.yiiframework.com/doc/guide/1.1/en/basics.best-practices}
%yahoosmart \url{http://finance.yahoo.com/news/number-smartphones-around-world-top-122000896.html}
%neowin \url{http://www.neowin.net/news/gartner-microsoft-increases-mobile-os-market-share-in-q3-2012}
%usecabecaiphone `Use a cabeça - Desenvolvimento para iPhone''
%lecheta {``Google Android, Lecheta''}
%railsinstaller www.railsinstaller.org
%ufmsbd http://www.dct.ufms.br/~edson/bd1/bd1.pdf
bootstrap\url{http://twitter.github.com/bootstrap/}
githubpop \url{https://github.com/popular/starred}
quickheroku \url{https://devcenter.heroku.com/articles/quickstart}
fucapi \url{https://portal.fucapi.br/tec/imagens/revistas/ed02_04.pdf}